<collection xmlns="http://www.loc.gov/MARC21/slim"><record><leader>00646nam  2200193   450</leader><controlfield tag="001">194</controlfield><controlfield tag="003">http://montalegre.opacnet.com/OPAC/default.aspx?ContentAreaControl=ShowRegHoldings.ascx&amp;RegNo=16662</controlfield><datafield tag="095" ind1=" " ind2=" "><subfield code="a">PTBN00236336</subfield></datafield><datafield tag="100" ind1=" " ind2=" "><subfield code="a">20061013d1975    m  y0pora010305  ba</subfield></datafield><datafield tag="101" ind1="1" ind2=" "><subfield code="a">por</subfield></datafield><datafield tag="102" ind1=" " ind2=" "><subfield code="a">PT</subfield></datafield><datafield tag="200" ind1="1" ind2=" "><subfield code="a">Morrer em Madrid</subfield><subfield code="f">Madeleine Chapsal</subfield><subfield code="g">trad. de Maria da Piedade M. Ferreira</subfield></datafield><datafield tag="210" ind1=" " ind2=" "><subfield code="a">Lisboa</subfield><subfield code="c">Bertrand</subfield><subfield code="d">1975</subfield></datafield><datafield tag="215" ind1=" " ind2=" "><subfield code="a">137, [3] p.</subfield><subfield code="c">il.</subfield><subfield code="d">22 cm</subfield></datafield><datafield tag="675" ind1=" " ind2=" "><subfield code="a">94</subfield><subfield code="v">bn</subfield><subfield code="z">por</subfield></datafield><datafield tag="700" ind1=" " ind2="1"><subfield code="a">Chapsal</subfield><subfield code="b">Madeleine</subfield></datafield><datafield tag="702" ind1=" " ind2="1"><subfield code="9">3</subfield><subfield code="a">Ferreira</subfield><subfield code="b">Maria da Piedade</subfield><subfield code="4">730</subfield></datafield><datafield tag="801" ind1=" " ind2="0"><subfield code="a">PT</subfield><subfield code="b">Biblioteca Municipal de Montalegre</subfield><subfield code="g">RPC</subfield></datafield><datafield tag="856" ind1=" " ind2=" "><subfield code="u">locateMedia.asp?cod=20060510101200&amp;ext=jpg</subfield><subfield code="z">CAPA</subfield></datafield><datafield tag="909" ind1="&#9;" ind2=" "><subfield code="a">1</subfield></datafield><datafield tag="966" ind1=" " ind2=" "><subfield code="a">0008255</subfield><subfield code="l">BMM</subfield><subfield code="s">SCG 94 CHA mor</subfield></datafield></record></collection>